@article{pastalkova2008internally,
  title={Internally generated cell assembly sequences in the rat hippocampus},
  author={Pastalkova, Eva and Itskov, Vladimir and Amarasingham, Asohan and Buzs{\'a}ki, Gy{\"o}rgy},
  journal={Science},
  volume={321},
  number={5894},
  pages={1322--1327},
  year={2008},
  publisher={American Association for the Advancement of Science}
}